[gd_scene load_steps=14 format=2]

[ext_resource path="res://worlds/template/World.tscn" type="PackedScene" id=1]
[ext_resource path="res://worlds/pieces/straight.tscn" type="PackedScene" id=2]
[ext_resource path="res://worlds/template/GravityArea.tscn" type="PackedScene" id=3]
[ext_resource path="res://worlds/pieces/90curve.tscn" type="PackedScene" id=4]
[ext_resource path="res://enemy/monster.tscn" type="PackedScene" id=5]
[ext_resource path="res://worlds/pieces/planet.tscn" type="PackedScene" id=6]
[ext_resource path="res://theme.tres" type="Theme" id=8]
[ext_resource path="res://assets/background.jpg" type="Texture" id=9]

[sub_resource type="PhysicsMaterial" id=3]
friction = 0.7

[sub_resource type="RectangleShape2D" id=4]
extents = Vector2( 1358.3, 286.018 )

[sub_resource type="RectangleShape2D" id=2]
extents = Vector2( 326.021, 1134.35 )

[sub_resource type="RectangleShape2D" id=5]
extents = Vector2( 176.482, 637.416 )

[sub_resource type="CircleShape2D" id=6]
radius = 589.496

[node name="World" instance=ExtResource( 1 )]

[node name="background" type="CanvasLayer" parent="." index="0"]
process_priority = -1
layer = -1

[node name="TextureRect" type="TextureRect" parent="background" index="0"]
margin_right = 1920.0
margin_bottom = 1079.0
texture = ExtResource( 9 )
__meta__ = {
"_edit_use_anchors_": false
}

[node name="player" parent="." index="2"]
position = Vector2( 161.212, 481.248 )

[node name="start" type="Node2D" parent="." index="3"]

[node name="bottom" parent="start" index="0" instance=ExtResource( 2 )]
position = Vector2( 1760, 560 )
scale = Vector2( 35.08, 1 )
physics_material_override = SubResource( 3 )

[node name="obstacle" parent="start" index="1" instance=ExtResource( 2 )]
position = Vector2( 1920, 440 )
scale = Vector2( 4.42021, 4.10856 )
physics_material_override = SubResource( 3 )

[node name="top" parent="start" index="2" instance=ExtResource( 2 )]
position = Vector2( 1320, -16 )
scale = Vector2( 26.36, 1 )
physics_material_override = SubResource( 3 )

[node name="left" parent="start" index="3" instance=ExtResource( 2 )]
position = Vector2( 40, 272 )
rotation = 1.5708
scale = Vector2( 6.48, 1 )
physics_material_override = SubResource( 3 )

[node name="right" parent="start" index="4" instance=ExtResource( 2 )]
position = Vector2( 3472, -968.036 )
rotation = 1.5708
scale = Vector2( 30.52, 1 )
physics_material_override = SubResource( 3 )

[node name="left2" parent="start" index="5" instance=ExtResource( 2 )]
position = Vector2( 2841.23, -1362.05 )
rotation = 1.5708
scale = Vector2( 22.76, 1 )
physics_material_override = SubResource( 3 )

[node name="90curve" parent="start" index="6" instance=ExtResource( 4 )]
position = Vector2( 2760, -101 )

[node name="enemy" parent="start" index="7" instance=ExtResource( 5 )]
position = Vector2( 2895.83, -640.472 )
rotation = 1.5708

[node name="enemy2" parent="start" index="8" instance=ExtResource( 5 )]
position = Vector2( 2883.93, -1268.37 )
rotation = 1.5708

[node name="GravityArea" parent="start" index="9" instance=ExtResource( 3 )]

[node name="CollisionShape2D" type="CollisionShape2D" parent="start/GravityArea" index="0"]
position = Vector2( 1280, 252 )
shape = SubResource( 4 )

[node name="gravity curve" parent="start" index="10" instance=ExtResource( 3 )]
position = Vector2( 2640, -224 )
gravity_point = true
gravity_vec = Vector2( 0, 0 )
gravity = -200.0

[node name="CollisionPolygon2D" type="CollisionPolygon2D" parent="start/gravity curve" index="0"]
polygon = PoolVector2Array( 0, 0, 0, 744, 792, 744, 792, 0 )

[node name="GravityArea2" parent="start" index="11" instance=ExtResource( 3 )]
position = Vector2( 3065.7, -1196.83 )
gravity_vec = Vector2( 1, 0 )

[node name="CollisionShape2D" type="CollisionShape2D" parent="start/GravityArea2" index="0"]
position = Vector2( 83.4255, -165.815 )
shape = SubResource( 2 )

[node name="planets" type="Node2D" parent="." index="4"]

[node name="planet1" parent="planets" index="0" instance=ExtResource( 6 )]
position = Vector2( 3165.13, -2906.69 )
scale = Vector2( 2.84, 2.84 )

[node name="planet2" parent="planets" index="1" instance=ExtResource( 6 )]
position = Vector2( 3755.12, -3301.8 )
scale = Vector2( 2.84, 2.84 )

[node name="planet3" parent="planets" index="2" instance=ExtResource( 6 )]
position = Vector2( 5237.11, -3290.91 )
scale = Vector2( 2.84, 2.84 )

[node name="labyrinth" type="Node2D" parent="." index="5"]
position = Vector2( 6985.89, -2648.71 )
rotation = -0.710263

[node name="bottom" parent="labyrinth" index="0" instance=ExtResource( 2 )]
position = Vector2( -295.22, 727.538 )
scale = Vector2( 7.129, 3.5 )

[node name="left" parent="labyrinth" index="1" instance=ExtResource( 2 )]
position = Vector2( -1342.51, -628.931 )
rotation = 1.57079
scale = Vector2( 12.929, 3.5 )

[node name="bottomright" parent="labyrinth" index="2" instance=ExtResource( 4 )]
position = Vector2( 431.026, 430.964 )
scale = Vector2( 3.5, 3.5 )

[node name="bottomleft" parent="labyrinth" index="3" instance=ExtResource( 4 )]
position = Vector2( -1049.3, 433.96 )
rotation = 1.57079
scale = Vector2( 3.5, 3.5 )

[node name="topright" parent="labyrinth" index="4" instance=ExtResource( 4 )]
position = Vector2( 428.958, -434.992 )
rotation = -1.57079
scale = Vector2( 3.5, 3.5 )

[node name="topleft" parent="labyrinth" index="5" instance=ExtResource( 4 )]
position = Vector2( -431.005, -432.613 )
rotation = 3.14159
scale = Vector2( 3.5, 3.5 )

[node name="bottomright2" parent="labyrinth" index="6" instance=ExtResource( 4 )]
position = Vector2( 98.6182, 146.956 )

[node name="bottomleft2" parent="labyrinth" index="7" instance=ExtResource( 4 )]
position = Vector2( -144.106, 146.955 )
rotation = 1.57079

[node name="topright2" parent="labyrinth" index="8" instance=ExtResource( 4 )]
position = Vector2( 99.8008, -99.2324 )
rotation = -1.57079

[node name="topleft2" parent="labyrinth" index="9" instance=ExtResource( 4 )]
position = Vector2( -145.239, -99.0444 )
rotation = 3.14159

[node name="GravityArea" parent="labyrinth" index="10" instance=ExtResource( 3 )]
position = Vector2( -1099.62, -1174.6 )
gravity_vec = Vector2( -0.758, 0.654 )

[node name="CollisionShape2D" type="CollisionShape2D" parent="labyrinth/GravityArea" index="0"]
position = Vector2( 61.2544, 527.386 )
shape = SubResource( 5 )

[node name="GravityArea2" parent="labyrinth" index="11" instance=ExtResource( 3 )]
gravity_point = true
gravity_vec = Vector2( 0, 0 )
gravity = -200.0

[node name="CollisionShape2D" type="CollisionShape2D" parent="labyrinth/GravityArea2" index="0"]
shape = SubResource( 6 )

[node name="GravityArea3" parent="labyrinth" index="12" instance=ExtResource( 3 )]
position = Vector2( -593.17, -4.22119 )
gravity_point = true
gravity_vec = Vector2( 0, 0 )
gravity = -200.0

[node name="CollisionPolygon2D" type="CollisionPolygon2D" parent="labyrinth/GravityArea3" index="0"]
polygon = PoolVector2Array( -0.0512695, -0.0300293, -621.475, 1.21655, -604.976, 126.196, -543.652, 300.275, -413.091, 452.123, -258.36, 548.259, -116.336, 588.624, -18.2593, 601.229 )

[node name="GravityArea4" parent="labyrinth" index="13" instance=ExtResource( 3 )]
position = Vector2( -593.17, -4.22119 )
priority = 1.0
gravity_vec = Vector2( 0.654, 0.758 )

[node name="CollisionPolygon2D" type="CollisionPolygon2D" parent="labyrinth/GravityArea4" index="0"]
polygon = PoolVector2Array( 6.58691, 148.853, 163.682, 425.195, 297.724, 520.528, 571.829, 591.916, -8.0127, 589.315 )

[node name="enemy" parent="labyrinth" index="14" instance=ExtResource( 5 )]
position = Vector2( -66.1616, 594.555 )
WALK_SPEED = 100.0
move_mode = 1

[node name="tutorial" type="Node2D" parent="." index="6"]

[node name="movement" type="TextEdit" parent="tutorial" index="0"]
anchor_right = 1.0
anchor_bottom = 1.0
margin_left = 96.5559
margin_top = 279.997
margin_right = 834.556
margin_bottom = 341.997
mouse_filter = 2
theme = ExtResource( 8 )
text = "use the arrow keys to move around"
readonly = true
__meta__ = {
"_edit_use_anchors_": false
}

[node name="gravity" type="TextEdit" parent="tutorial" index="1"]
anchor_right = 1.0
anchor_bottom = 1.0
margin_left = 1096.12
margin_top = 626.498
margin_right = 1708.12
margin_bottom = 688.498
mouse_filter = 2
theme = ExtResource( 8 )
text = "press enter to invert gravity"
readonly = true
__meta__ = {
"_edit_use_anchors_": false
}

[node name="monsters" type="TextEdit" parent="tutorial" index="2"]
anchor_right = 1.0
anchor_bottom = 1.0
margin_left = 3098.6
margin_top = -520.217
margin_right = 3652.6
margin_bottom = -458.217
rect_rotation = 89.9999
mouse_filter = 2
theme = ExtResource( 8 )
text = "press space to shoot"
readonly = true
__meta__ = {
"_edit_use_anchors_": false
}

[node name="monsters2" type="TextEdit" parent="tutorial" index="3"]
anchor_right = 1.0
anchor_bottom = 1.0
margin_left = 3128.01
margin_top = -1202.03
margin_right = 3890.01
margin_bottom = -1085.03
rect_rotation = 89.9999
mouse_filter = 2
theme = ExtResource( 8 )
text = "kill all monsters to
complete the level"
readonly = true
__meta__ = {
"_edit_use_anchors_": false
}

[node name="gravity warning" type="TextEdit" parent="tutorial" index="4"]
anchor_right = 1.0
anchor_bottom = 1.0
margin_left = 3170.98
margin_top = -2485.36
margin_right = 3928.98
margin_bottom = -2357.36
rect_rotation = 89.9999
mouse_filter = 2
theme = ExtResource( 8 )
text = "don't jump to quickly, first check the
gravity direction of the planet!"
readonly = true
__meta__ = {
"_edit_use_anchors_": false
}

[node name="zoom" type="TextEdit" parent="tutorial" index="5"]
anchor_right = 1.0
anchor_bottom = 1.0
margin_left = 3686.1
margin_top = -3868.43
margin_right = 4456.1
margin_bottom = -3755.43
rect_rotation = 37.2762
mouse_filter = 2
theme = ExtResource( 8 )
text = "nowhere to go? zoom out by scrolling
to get a better overview"
readonly = true
__meta__ = {
"_edit_use_anchors_": false
}

[editable path="start/GravityArea"]
[editable path="start/gravity curve"]
[editable path="start/GravityArea2"]
[editable path="planets/planet1"]
[editable path="planets/planet1/GravityArea"]
[editable path="planets/planet2"]
[editable path="planets/planet2/GravityArea"]
[editable path="planets/planet3"]
[editable path="planets/planet3/GravityArea"]
